% --+ 10. Physics motivation +--------------------------------------------------
    % Experimental observation of the Higgs Boson.
    @article{aad2012,
        title   = {Observation of a new particle in the search for the Standard Model Higgs boson with the ATLAS detector at the LHC},
        author  = {G Aad and T Abajyan and B Abbott and J Abdallah and S Khalek and A Abdelalim and O Abdinov and R Aben and B Abi and M Abolins and others},
        year    = {2012},
        journal = {Physics Letters B}
    }

    % HEP introductory book.
    @book{perkins2000,
        title   = {Introduction to high energy physics},
        author  = {D Perkins},
        year    = {2000}
    }

    % Modern particle physics introductory book.
    @book{halzen1991,
        title   = {Quarks and leptons: an introductory course in modern particle physics},
        author  = {F Halzen and A Martin},
        year    = {1991}
    }

    % Introduction book to pQCD.
    @article{dokshitzer1991,
        title   = {Basics of perturbative QCD},
        author  = {Y Dokshitzer and V Khoze and A Mueller and S Troyan},
        year    = {1991},
        journal = {Gif-sur Yvette}
    }

    % Quark production time.
    @article{kopeliovich2004,
        title   = {Nuclear hadronization: within or without?},
        author  = {B Kopeliovich and J Nemchik and A Hayashigaki and E Predazzi},
        year    = {2004},
        journal = {Nuclear Physics A}
    }

    % String model explanation.
    @article{artru1974,
        title   = {String model and multiproduction},
        author  = {X Artru and G Mennessier},
        year    = {1974},
        journal = {Nuclear Physics}
    }

% --+ 11. Experiment +----------------------------------------------------------
% --+ 11.100 CEBAF +------------------------------------------------------------
    % Geometry of the CEBAF.
    @article{leemann2001,
        title   = {The continuous electron beam accelerator facility: CEBAF at the Jefferson Laboratory},
        author  = {C Leemann and D Douglas and G Krafft},
        year    = {2001},
        journal = {Annual Review of Nuclear and Particle Science}
    }

    % Technical details on CEBAF 12 GeV upgrade.
    @inproceedings{rode2010,
        title     = {Jefferson lab 12 GeV CEBAF upgrade},
        author    = {C Rode and JLab 12 GeV Project Team},
        year      = {2010},
        booktitle = {AIP Conference Proceedings}
    }

% --+ 11.200 CLAS12 +-----------------------------------------------------------
    % Description of CLAS12.
    @article{burkert2020,
        title   = {The CLAS12 spectrometer at Jefferson laboratory},
        author  = {V Burkert and L Elouadrhiri and K Adhikari and S Adhikari and M Amaryan and D Anderson and G Angelini and M Antonioli and H Atac and S Aune and others},
        year    = {2020},
        journal = {Nuclear Instruments and Methods in Physics Research Section A: Accelerators, Spectrometers, Detectors and Associated Equipment}
    }

% --+ 11.210 Forward Detector +-------------------------------------------------
    % HTCC.
    @article{sharabian2020,
        title   = {The CLAS12 high threshold Cherenkov counter},
        author  = {Y Sharabian and V Burkert and A Biselli and R Badui and S Christo and C Cuevas and H Dong and S Danagoulian and A Ellis and L Elouadrhiri and others},
        year    = {2020},
        journal = {Nuclear Instruments and Methods in Physics Research Section A: Accelerators, Spectrometers, Detectors and Associated Equipment}
    }

    % DC.
    @article{mestayer2020,
        title   = {The CLAS12 drift chamber system},
        author  = {M Mestayer and K Adhikari and R Bennett and S Bueltmann and T Chetry and S Christo and M Cook and R Cuevas and G Dodge and El Fassi, L and others},
        year    = {2020},
        journal = {Nuclear Instruments and Methods in Physics Research Section A: Accelerators, Spectrometers, Detectors and Associated Equipment}
    }

    % LTCC.
    @article{ungaro2020,
        title   = {The CLAS12 low threshold Cherenkov detector},
        author  = {M Ungaro and D Anderson and G Asryan and M Antonioli and P Bonneau and V Burkert and S Christo and M Cook and B Duran and B Eng and others},
        year    = {2020},
        journal = {Nuclear Instruments and Methods in Physics Research Section A: Accelerators, Spectrometers, Detectors and Associated Equipment}
    }

    % FTOF.
    @article{carman2020ftof,
        title   = {The CLAS12 forward time-of-flight system},
        author  = {D Carman and L Clark and De Vita, R and G Fedotov and R Gothe and G Hollis and B Miller and E Phelps and Y Tian and A Trivedi and others},
        year    = {2020},
        journal = {Nuclear Instruments and Methods in Physics Research Section A: Accelerators, Spectrometers, Detectors and Associated Equipment}
    }

    % RICH.
    @article{contalbrigo2020,
        title   = {The CLAS12 ring imaging Cherenkov detector},
        author  = {M Contalbrigo and V Kubarovsky and M Mirazita and P Rossi and G Angelini and H Avakian and K Bailey and I Balossino and L Barion and F Benmokhtar and others},
        year    = {2020},
        journal = {Nuclear Instruments and Methods in Physics Research Section A: Accelerators, Spectrometers, Detectors and Associated Equipment}
    }

    % ECAL.
    @article{asryan2020,
        title   = {The CLAS12 forward electromagnetic calorimeter},
        author  = {G Asryan and S Chandavar and T Chetry and N Compton and A Daniel and N Dashyan and N Gevorgyan and Y Ghandilyan and K Giovanetti and K Griffioen and others},
        year    = {2020},
        journal = {Nuclear Instruments and Methods in Physics Research Section A: Accelerators, Spectrometers, Detectors and Associated Equipment}
    }

    % FT.
    @article{acker2020ft,
        title   = {The CLAS12 forward tagger},
        author  = {A Acker and D Attié and S Aune and J Ball and P Baron and M Bashkanov and M Battaglieri and R Behary and F Benmokhtar and A Bersani and others},
        year    = {2020},
        journal = {Nuclear Instruments and Methods in Physics Research Section A: Accelerators, Spectrometers, Detectors and Associated Equipment}
    }

% --+ 11.220 Central Detector +-------------------------------------------------
    % SVT.
    @article{antonioli2020,
        title   = {The CLAS12 silicon vertex tracker},
        author  = {M Antonioli and N Baltzell and S Boyarinov and P Bonneau and S Christo and C Cuevas and M Defurne and G Derylo and L Elouadrhiri and B Eng and others},
        year    = {2020},
        journal = {Nuclear Instruments and Methods in Physics Research Section A: Accelerators, Spectrometers, Detectors and Associated Equipment}
    }

    % Technical specifications for MVT.
    @article{acker2020mvt,
        title   = {The CLAS12 micromegas vertex tracker},
        author  = {A Acker and D Attié and S Aune and J Ball and P Baron and Q Bertrand and D Besin and T Bey and F Bossù and R Boudouin and others},
        year    = {2020},
        journal = {Nuclear Instruments and Methods in Physics Research Section A: Accelerators, Spectrometers, Detectors and Associated Equipment}
    }

    % CTOF.
    @article{carman2020ctof,
        title   = {The CLAS12 central time-of-flight system},
        author  = {D Carman and G Asryan and V Baturin and L Clark and De Vita, R and W Kim and B Miller and C Wiggins},
        year    = {2020},
        journal = {Nuclear Instruments and Methods in Physics Research Section A: Accelerators, Spectrometers, Detectors and Associated Equipment}
    }

    % CND.
    @article{chatagnon2020,
        title   = {The CLAS12 central neutron detector},
        author  = {P Chatagnon and J Bettane and M Hoballah and G Hull and M Imre and D Marchand and B Mathon and G Murdoch and P Naidoo and S Niccolai and others},
        year    = {2020},
        journal = {Nuclear Instruments and Methods in Physics Research Section A: Accelerators, Spectrometers, Detectors and Associated Equipment}
    }

    % BAND.
    @article{segarra2020,
        title   = {The CLAS12 backward angle neutron detector},
        author  = {E Segarra and F Hauenstein and A Schmidt and K Price and I Vega and J Barlow and E Barriga and A Beck and W Brooks and E Cohen and others},
        year    = {2020},
        journal = {Nuclear Instruments and Methods in Physics Research Section A: Accelerators, Spectrometers, Detectors and Associated Equipment}
    }

% --+ 11.230. Offline Reconstruction +------------------------------------------
    % CLARA framework.
    @inproceedings{gyurgyan2016,
        title     = {CLARA: CLAS12 reconstruction and analysis framework},
        author    = {V Gyurgyan and S Mancilla and R Oyarzun},
        year      = {2016},
        booktitle = {Journal of Physics: Conference Series}
    }

    % CLAS12 event reconstruction software rundown.
    @article{ziegler2020,
        title   = {The CLAS12 software framework and event reconstruction},
        author  = {V Ziegler and N Baltzell and F Bossù and D Carman and P Chatagnon and M Contalbrigo and De Vita, R and M Defurne and G Gavalian and G Gilfoyle and others},
        year    = {2020},
        journal = {Nuclear Instruments and Methods in Physics Research Section A: Accelerators, Spectrometers, Detectors and Associated Equipment}
    }

    % Original introduction of the PID system.
    @article{yost1988,
        title   = {Review of particle properties},
        author  = {G Yost and R Barnett and I Hinchliffe and G Lynch and A Rittenberg and R Ross and M Suzuki and T Trippe and C Wohl and B Armstrong and others},
        year    = {1988},
        journal = {Physics Letters B}
    }

    % Revision of the PID system.
    @article{particle1998,
        title   = {Review of particle physics},
        author  = {Particle Data Group and others},
        year    = {1998},
        journal = {The European Physical Journal C-Particles and Fields}
    }

    % Current version of the PID system.
    @article{particle2020,
        title   = {Review of particle physics},
        author  = {Particle Data Group and P Zyla and R Barnett and J Beringer and O Dahl and D Dwyer and D Groom and C Lin and K Lugovsky and E Pianori and others},
        year    = {2020},
        journal = {Progress of Theoretical and Experimental Physics}
    }

% --+ 11.300. RG-E Experiment +-------------------------------------------------
    % Previous EG2 experiment.
    @article{hakobyan2008,
        author  = {H Hakobyan and others},
        title   = {A double-target system for precision measurements of nuclear medium effects},
        year    = {2008},
        journal = {Nucl. Instrum. Meth. A}
    }

% --+ 11.310. Slow Control +----------------------------------------------------
    % EPICS Architecture Description.
    @techreport{dalesio1991,
        title       = {EPICS architecture},
        author      = {L Dalesio and A Kozubal and M Kraimer},
        year        = {1991},
        institution = {Los Alamos National Lab., NM (United States)}
    }

    % CLAS12 EPICS.
    @article{boyarinov2020,
        title   = {The CLAS12 data acquisition system},
        author  = {S Boyarinov and B Raydo and C Cuevas and C Dickover and H Dong and G Heyes and D Abbott and W Gu and V Gyurjyan and E Jastrzembski and others},
        year    = {2020},
        journal = {Nuclear Instruments and Methods in Physics Research Section A: Accelerators, Spectrometers, Detectors and Associated Equipment}
    }

    % Galil EPICS Driver.
    @article{farnswort2009,
        title  = {Motion controls using EPICS and Galil controllers},
        author = {R Farnsworth},
        year   = {2009}
    }

    % EPICS Record Reference Manual.
    @techreport{stanley1998,
        title       = {EPICS record reference manual},
        author      = {P Stanley and J Anderson and M Kraimer},
        year        = {1998},
        institution = {The University of California, The University of Chicago}
    }

    % CS-Studio.
    @inproceedings{kasemir2007,
        title     = {Control system studio applications},
        author    = {K Kasemir and others},
        year      = {2007},
        booktitle = {Proc. 11th Int. Conf. on Accelerator and Large Experimental Physics Control Systems (ICALEPCS’07)}
    }

% --+ 12. FMT Alignment and Reconstruction +------------------------------------
    % MVT Proposal for CLAS12.
    @article{aune2009,
        title   = {Micromegas tracker project for CLAS12},
        author  = {S Aune and J Ball and M Combet and El Yakoubi, M and P Konczykowski and C Lahonde-Hamdoun and O Meunier and S Procureur and F Sabatié},
        year    = {2009},
        journal = {Nuclear Instruments and Methods in Physics Research Section A: Accelerators, Spectrometers, Detectors and Associated Equipment}
    }

    % Original design document or MicroMegas trackers.
    @article{giomataris1996,
        title   = {Micromegas: a high-granularity position-sensitive gaseous detector for high particle-flux environments},
        author  = {Y Giomataris and P Rebourgeard and J Robert and G Charpak},
        year    = {1996},
        journal = {Nuclear Instruments and Methods in Physics Research Section A: Accelerators, Spectrometers, Detectors and Associated Equipment}
    }

    % Measurement of the Lorentz angle at MVT.
    @article{konczykowski2010,
        title   = {Measurements of the Lorentz angle with a Micromegas detector in high transverse magnetic fields},
        author  = {P Konczykowski and S Aune and J Ball and El Yakoubi, M and C Lahonde-Hamdoun and O Meunier and S Procureur and F Sabatié and S Cazaux and E Delagnes and others},
        year    = {2010},
        journal = {Nuclear Instruments and Methods in Physics Research Section A: Accelerators, Spectrometers, Detectors and Associated Equipment}
    }

    % RG-F BONuS12 target proposal.
    @article{hattawy2019,
        title   = {Neutron DVCS Measurements with BONuS12 in CLAS12},
        author  = {M Hattawy and M Amaryan and S Bültmann and G Dodge and N Dzbenski and C Hyde and S Kuhn and D Payette and J Poudel and L Weinstein and others},
        year    = {2019},
        journal = {arXiv preprint arXiv:1908.00949}
    }

% --+ 13. Data Analysis +-------------------------------------------------------
    % HIPO format.
    @article{chekanov2021,
        title   = {Jas4pp—A data-analysis framework for physics and detector studies},
        author  = {S Chekanov and G Gavalian and N Graf},
        year    = {2021},
        journal = {Computer Physics Communications}
    }

    % Sampling calorimeter "sampling fraction" definition.
    @book{wigmans2000,
        title  = {Calorimetry: energy measurement in particle physics},
        author = {R Wigmans},
        year   = {2000}
    }

    % Detector efficiency and acceptance correction.
    @book{leo1987,
        title  = {Techniques for nuclear and particle physics experiments: a how to approach},
        author = {W Leo},
        year   = {1987}
    }

    % LEPTO.
    @article{ingelman1997,
        title   = {LEPTO 6.5—a Monte Carlo generator for deep inelastic lepton-nucleon scattering},
        author  = {G Ingelman and A Edin and J Rathsman},
        year    = {1997},
        journal = {Computer Physics Communications}
    }

    % GEMC.
    @article{ungaro2020gemc,
        title   = {The CLAS12 geant4 simulation},
        author  = {M Ungaro and G Angelini and M Battaglieri and V Burkert and D Carman and P Chatagnon and M Contalbrigo and M Defurne and De Vita, R and B Duran and others},
        year    = {2020},
        journal = {Nuclear Instruments and Methods in Physics Research Section A: Accelerators, Spectrometers, Detectors and Associated Equipment}
    }

% --- 14. Results and conclusions +---------------------------------------------
    % "normal" phipq distribution.
    @article{moran2022,
        title   = {Measurement of charged-pion production in deep-inelastic scattering off nuclei with the CLAS detector},
        author  = {S Morán and R Dupre and H Hakobyan and M Arratia and W Brooks and A Bórquez and El Alaoui, A. and El Fassi, L and K Hafidi and R Mendez and T Mineeva and S Paul and others},
        year    = {2022},
        journal = {Phys. Rev. C}
    }

    % Systematic uncertainty "help" publication.
    @article{osipenko2010,
        title   = {Measurement of the nucleon structure function F2 in the nuclear medium and evaluation of its moments},
        author  = {M Osipenko and G Ricco and S Simula and M Ripani and M Taiuti and K Adhikari and M Amaryan and M Anghinolfi and H Avakian and H Baghdasaryan and others},
        year    = {2010},
        journal = {Nuclear Physics A}
    }

    % Deuterium target expected systematic error.
    @article{osipenko2006,
        title   = {Measurement of the deuteron structure function ${F}_{2}$ in the resonance region and evaluation of its moments},
        author  = {M Osipenko and G Ricco and S Simula and M Battaglieri and M Ripani and others},
        year    = {2006},
        journal = {Phys. Rev. C}
    }

% --- 20. Addenda +-------------------------------------------------------------
    % Fiducial cuts for CLAS procedure.
    @book{zana2010,
        title  = {Search for the onset of color transparency through neutral rho meson electroproduction on nuclei},
        author = {L Zana},
        year   = {2010}
    }
